<?xml version="1.0" encoding="UTF-8"?><collection xmlns="http://www.loc.gov/MARC21/slim"><record><leader>00513nam--2200181-i-4500</leader><controlfield tag="001">000039304</controlfield><controlfield tag="002">20161230</controlfield><controlfield tag="005">20161230201042</controlfield><controlfield tag="008">060222s1000------------r-----000-0-ger-d</controlfield><datafield ind1=" " ind2=" " tag="040"><subfield code="a">IFIN-HH</subfield></datafield><datafield ind1=" " ind2=" " tag="041"><subfield code="a">ger</subfield></datafield><datafield ind1=" " ind2=" " tag="080"><subfield code="a">539.23:621.382(043)</subfield></datafield><datafield ind1="1" ind2=" " tag="100"><subfield code="a">Rodewald,Werner</subfield></datafield><datafield ind1="1" ind2="0" tag="245"><subfield code="a">Existenz und eigenschaften von wirbeln in typ-i-dunnschicht-supraleitern</subfield><subfield code="b">Dissertation</subfield><subfield code="c">Werner rodewald</subfield></datafield><datafield ind1=" " ind2=" " tag="260"><subfield code="a">Berlin</subfield><subfield code="b">Universitat</subfield><subfield code="c">1977</subfield></datafield><datafield ind1=" " ind2=" " tag="300"><subfield code="a">148 P</subfield></datafield><datafield ind1=" " ind2=" " tag="852"><subfield code="a">48208</subfield><subfield code="c">539.23</subfield></datafield><datafield ind1=" " ind2=" " tag="CAT"><subfield code="a">Sys</subfield><subfield code="c">20121218</subfield><subfield code="h">153223</subfield></datafield></record></collection>